@book{Hagan_2014,
author = {Demuth, Howard B. and Beale, Mark H. and De Jess, Orlando and Hagan, Martin T.},
title = {Neural Network Design},
year = {2014},
isbn = {0971732116},
publisher = {Martin Hagan},
address = {Stillwater, OK, USA},
edition = {2nd},
}

@book{Haykin99a,
  added-at = {2014-04-01T19:25:15.000+0200},
  author = {Haykin, Simon},
  biburl = {https://www.bibsonomy.org/bibtex/2e13a49ec715f4e52f1dcca0d4c5c8b2c/prlz77},
  description = {Thesis BIB},
  interhash = {9c833e39d6ac9c0a31aca034fb641190},
  intrahash = {e13a49ec715f4e52f1dcca0d4c5c8b2c},
  keywords = {A Comprehensive Foundation Networks: Neural},
  publisher = {Prentice Hall},
  timestamp = {2014-04-01T19:25:15.000+0200},
  title = {Neural Networks: A Comprehensive Foundation},
  year = 1999
}